%%%%%%%%%%%%%%%%%%%%%%%%%%%%%%%%%%%%%%%%%%%%%%%%%%%%%%%%%%%%%%%%%%%%%%%%%%%%%%%%%%%%%%%%%%%%%%%%%%%%%%%%%%%%%%%%%%%%%%
%%%%%%%%%%%%%%%%%%%%%%%%%%%%%%%% Literaturverzeichnis %%%%%%%%%%%%%%%%%%%%%%%%%%%%%%%%%%%%%%%%%%%%%%%%%%%%%%%%%%%%%%%%
@misc{ws:fiducia,
      author = "Fiducia IT AG",
      title = "\textit{Über Fiducia}",
      month = "Juli",
      year = "2013",
      howpublished = {\url{http://www.fiducia.de/ueber_fiducia.html}}
}
@Book{testitest,
title = {Der Richter und seine Pfeiffe},
publisher = {HDF Verlag},
year = {1099},
}

@misc{ws:wikinao,
	author = {Wikipedia contributors},
	title = {\textit{Nao (Roboter)}},
	month = "November",
	year = {2013},
	howpublished = {\url{http://de.wikipedia.org/wiki/Nao_(Roboter)}}
}


@book{pinedo_scheduling,
	address = {New York},
	edition = {4th ed},
	title = {Scheduling: theory, algorithms, and systems},
	publisher = {Springer},
	author = {Pinedo, Michael},
	year = {2012},
}

@booklet{duep_scheduling,
	author = {Clemens Düpmeier},
	title = {\textit{Zeit-Scheduling}},
	month = {Juli},
	year  = {2013},
	howpublished = {Vorlesungsskript: \url{http://www.iai.fzk.de/~clemens.duepmeier/betriebssysteme/Zeit-Scheduling.ppt}}
}

@BOOK{silberschatz_2009,
	AUTHOR = {Silberschatz, Abraham AND Galvin, Peter Baer AND Gagne, Greg},
	YEAR = {2009},
	TITLE = {Operating System Concepts - },
	EDITION = {8. Aufl.},
	PUBLISHER = {Wiley},
	ADDRESS = {New York},
}

@misc{ws:molnar,
	author = {Ingo Molnár},
	title = {\textit{This is the CFS scheduler}},
	month = "Juli",
	year = {2013},
	howpublished = {\url{http://people.redhat.com/mingo/cfs-scheduler/sched-design-CFS.txt}}
}

@booklet{redwood,
	author = {Redwood},
	title = {\textit{Cronacle-Concepts}},
	month = {Juli},
	year  = {2013},
	howpublished = {internes Dokument}
}
@Book{hertzberg2009mobile,
 author = {Hertzberg, Joachim},
 title = {Mobile Roboter : Eine Einf{\"u}hrung aus Sicht der Informatik},
 publisher = {Springer},
 year = {2009},
 address = {Berlin},
 isbn = {3642017258}
 }
 @Book{webb2012beginning,
 author = {Webb, Jarrett},
 title = {Beginning Kinect programming with the Microsoft Kinect SDK},
 publisher = {Apress},
 year = {2012},
 address = {New York},
 isbn = {978-1-4302-4104-1}
 }
@misc{ws:microsoft_kinect,
	author = {Microsoft Corporation},
	title = {\textit{Kinect for Windows Sensor Components and Specifications}},
	day= {12},
	month = "Februar",
	year = {2014},
	howpublished = {\url{http://msdn.microsoft.com/en-us/library/jj131033.aspx}}
}
